@BOOK{ref1,
   AUTHOR  = "Szabo, Attila and Ostlund, Neil S.",
   TITLE   = "{Modern Quantum Chemistry}",
   PUBLISHER = "Dover Publications, Inc.",
   YEAR = 1988
  }

@article{ref2,
    author = "A. E. DePrince and C. D. Sherrill",
    title = "Accuracy and Efficiency of Coupled-Cluster Theory Using Density
       Fitting/Cholesky Decomposition, Frozen Natural Orbitals, and a
       {$t_1$}-Transformed Hamiltonian",
    journal = JCTCCE,
    volume = "9",
    pages = "2687-2696",
    year = "2013",
    funding = "U.S. National Science Foundation [CHE-1011360, ACI-1147843,
       CHE-0946869], U.S. National Science Foundation American Competitiveness
       in Chemistry Postdoctoral Fellowship [CHE-1137288]",
    doi = "10.1021/ct400250u",
}

@article{ref3,
   author = "H.-J. Werner and F. R. Manby and P. J. Knowles",
   title = "Fast Linear Scaling Second-order {M{\o}ller-Plesset} Perturbation
      Theory {(MP2)} Using Local and Density Fitting Approximations",
   journal = JCPSA6,
   volume = "118",
   number = "18",
   pages = "8149-8160",
   year = "2003",
   doi = "10.1063/1.1564816",
}

@article{ref4,
   author = "NOT SURE YET",
   title = "",
   journal = JCPSA6,
   volume = "145",
   pages = "134106",
   year = "2016",
   funding = "Swiss National Science Foundation [P2ELP2_155351], U.S. National
      Science Foundation [CHE-1566192, ACI-1147843]",
   doi = "10.1063/1.4963385",
}


@article{ref5,
   author = "J. F. Gonthier and C. D. Sherrill",
   title = "Density-Fitted Open-Shell Symmetry-Adapted Perturbation Theory and
      Application to {$\pi$}-Stacking in Benzene Dimer Cation and Ionized
      {DNA} Base Pair Steps",
   journal = JCPSA6,
   volume = "145",
   pages = "134106",
   year = "2016",
   funding = "Swiss National Science Foundation [P2ELP2_155351], U.S. National
      Science Foundation [CHE-1566192, ACI-1147843]",
   doi = "10.1063/1.4963385",
}

@article{ref6,
    author = "R. M. Parrish and T. M. Parker and C. D. Sherrill",
    title = "Chemical Assignment of Symmetry-Adapted Perturbation Theory
       Interaction Energy Components: The Functional-Group SAPT Partition",
    journal = JCTCCE,
    volume = "10",
    pages = "4417-4431",
    year = "2014",
    funding = "DOE [DE-FG02-97ER25308]; National Science Foundation
       [CHE-1300497]; NSF CRIF award [CHE-0946869]; Georgia Tech.",
    doi = "10.1021/ct500724p",
}


